<?xml version="1.0" encoding="utf-8"?>
<record xmlns="http://www.loc.gov/MARC21/slim" xmlns:xsi="http://www.w3.org/2001/XMLSchema-instance" xsi:schemaLocation="http://www.loc.gov/MARC21/slim http://www.loc.gov/standards/marcxml/schema/MARC21slim.xsd">
	<leader>     nam a22        4500</leader>
	<controlfield tag="001">b12397945</controlfield>
	<controlfield tag="003">LeBAU</controlfield>
	<controlfield tag="006">m        d        </controlfield>
	<controlfield tag="007">cr cn |||m|||a</controlfield>
	<controlfield tag="008">170120s1900    le      o     000 0 ara d</controlfield>
	<datafield ind1=" " ind2=" " tag="040">
		<subfield code="a">NNU</subfield>
		<subfield code="b">ara</subfield>
		<subfield code="e">rda</subfield>
		<subfield code="c">NNU</subfield>
	</datafield>
	<datafield ind1=" " ind2="4" tag="050">
		<subfield code="a">BP76.2</subfield>
		<subfield code="b">.N1114 1900</subfield>
	</datafield>
	<datafield ind1="0" ind2="4" tag="082">
		<subfield code="a">297.63</subfield>
		<subfield code="2">22</subfield>
	</datafield>
	<datafield ind1="1" ind2=" " tag="100">
		<subfield code="6">880-01</subfield>
		<subfield code="a">Nabhānī, Yūsuf ibn Ismāʻīl,</subfield>
		<subfield code="d">1849 or 1850-1932,</subfield>
		<subfield code="e">author.</subfield>
	</datafield>
	<datafield ind1="1" ind2="3" tag="245">
		<subfield code="6">880-02</subfield>
		<subfield code="a">al-Faḍā’il al-Muḥammadīyah allatī faḍḍalahu Allāh bihā Ṣallá Allāh ‘Alyhi wa-sallam ‘alá jamī‘ al-barīyah /</subfield>
		<subfield code="c">ta’līf muṣaḥḥihi al-faqīr Yūsuf ibn Ismā’īl al-Nabhānī, ra’īs Maḥkamat al-Ḥuqūq fī Bayrūt.</subfield>
	</datafield>
	<datafield ind1=" " ind2="1" tag="264">
		<subfield code="6">880-03</subfield>
		<subfield code="a">Bayrūt :</subfield>
		<subfield code="b">al-Maktabah al-‘Uthmānīyah,</subfield>
		<subfield code="c">1318 [H.], [1900? M.]</subfield>
	</datafield>
	<datafield ind1=" " ind2=" " tag="300">
		<subfield code="6">880-04</subfield>
		<subfield code="a">online resource (336 pages)</subfield>
	</datafield>
	<datafield ind1=" " ind2=" " tag="336">
		<subfield code="a">text</subfield>
		<subfield code="2">rdacontent</subfield>
	</datafield>
	<datafield ind1=" " ind2=" " tag="337">
		<subfield code="a">computer</subfield>
		<subfield code="2">rdamedia</subfield>
	</datafield>
	<datafield ind1=" " ind2=" " tag="338">
		<subfield code="a">online resource</subfield>
		<subfield code="2">rdacarrier</subfield>
	</datafield>
	<datafield ind1=" " ind2=" " tag="500">
		<subfield code="a">Part of the Arabic Collections Online (ACO) project, contributed by American University of Beirut's Jafet Memorial Library.</subfield>
	</datafield>
	<datafield ind1=" " ind2=" " tag="533">
		<subfield code="a">Electronic reproduction.</subfield>
		<subfield code="b">New York, N.Y. :</subfield>
		<subfield code="c">New York University,</subfield>
		<subfield code="d">2017.</subfield>
		<subfield code="5">NNU</subfield>
	</datafield>
	<datafield ind1="0" ind2="0" tag="600">
		<subfield code="6">880-05</subfield>
		<subfield code="a">Muḥammad,</subfield>
		<subfield code="c">Prophet,</subfield>
		<subfield code="d">-632.</subfield>
	</datafield>
	<datafield ind1=" " ind2="0" tag="650">
		<subfield code="6">880-06</subfield>
		<subfield code="a">Hadith.</subfield>
	</datafield>
	<datafield ind1="2" ind2=" " tag="710">
		<subfield code="a">Jafet Memorial Library.</subfield>
	</datafield>
	<datafield ind1="0" ind2=" " tag="730">
		<subfield code="a">Arabic Collections Online.</subfield>
	</datafield>
	<datafield ind1="0" ind2="8" tag="776">
		<subfield code="i">Print version:</subfield>
		<subfield code="a">Nabhānī, Yūsuf ibn Ismāʻīl, 1849 or 1850-1932, author.</subfield>
		<subfield code="t">al-Faḍā’il al-Muḥammadīyah allatī faḍḍalahu Allāh bihā Ṣallá Allāh ‘Alyhi wa-sallam ‘alá jamī‘ al-barīyah</subfield>
		<subfield code="w">(LeBAU)b12397945</subfield>
	</datafield>
	<datafield ind1="4" ind2="0" tag="856">
		<subfield code="u">http://hdl.handle.net/2333.1/905qg043</subfield>
	</datafield>
	<datafield ind1="1" ind2=" " tag="880">
		<subfield code="6">100-01/r</subfield>
		<subfield code="a">نبهاني، يوسف بن اسماعيل،</subfield>
		<subfield code="d">1849-1932،</subfield>
		<subfield code="e">author.</subfield>
	</datafield>
	<datafield ind1="1" ind2="2" tag="880">
		<subfield code="6">245-02/r</subfield>
		<subfield code="a">الفضائل المحمدية التي فضله الله بها صلى الله عليه وسلم على جميع البرية /</subfield>
		<subfield code="c">تأليف مصححه الفقير يوسف بن إسماعيل النبهاني، رئيس محكمة الحقوق في بيروت.</subfield>
	</datafield>
	<datafield ind1=" " ind2="1" tag="880">
		<subfield code="6">264-03/r</subfield>
		<subfield code="a">بيروت :</subfield>
		<subfield code="b">المكتبة العثمانية،</subfield>
		<subfield code="c">1318 [هـ.]، [1900؟ م.]</subfield>
	</datafield>
	<datafield ind1=" " ind2=" " tag="880">
		<subfield code="6">300-04/r</subfield>
		<subfield code="a">336 صفحة ؛</subfield>
		<subfield code="c">18 سم</subfield>
	</datafield>
	<datafield ind1="0" ind2="4" tag="880">
		<subfield code="6">600-05/r</subfield>
		<subfield code="a">محمد،</subfield>
		<subfield code="c">Prophet,</subfield>
		<subfield code="d">-632.</subfield>
	</datafield>
	<datafield ind1=" " ind2="4" tag="880">
		<subfield code="6">650-06/r</subfield>
		<subfield code="a">الحديث.</subfield>
	</datafield>
	<datafield ind1=" " ind2=" " tag="959">
		<subfield code="a">NNU</subfield>
		<subfield code="b">WEB</subfield>
		<subfield code="c">GENI</subfield>
		<subfield code="t">0</subfield>
		<subfield code="m">Electronic access</subfield>
		<subfield code="s">01</subfield>
	</datafield>
	<datafield ind1=" " ind2=" " tag="999">
		<subfield code="i">LeBAU_b12397945</subfield>
		<subfield code="s">aub_aco000282</subfield>
		<subfield code="e">(ERROR-MISC)</subfield>
		<subfield code="s">aub_aco000282</subfield>
	</datafield>
</record>
